@book{horn1990matrix,
  title={Matrix analysis},
  author={Horn, Roger A and Johnson, Charles R},
  year={1990},
  publisher={Cambridge university press}
}

@inproceedings{johnson2005natural,
  title={The natural history of bugs: using formal methods to analyse software related failures in space missions},
  author={Johnson, Chris W},
  booktitle={International Symposium on Formal Methods},
  pages={9--25},
  year={2005},
  organization={Springer}
}

@article{mcquaid2012software,
  title={Software disasters—understanding the past, to improve the future},
  author={McQuaid, Patricia A},
  journal={Journal of Software: Evolution and Process},
  volume={24},
  number={5},
  pages={459--470},
  year={2012},
  publisher={Wiley Online Library}
}

@misc{cousot2010gentle,
  title={A gentle introduction to formal verification of computer systems by abstract interpretation},
  author={Cousot, Patrick and Cousot, Radhia},
  year={2010},
  publisher={IOS Press}
}

@inproceedings{delmas2007astree,
  title={Astr{\'e}e: from research to industry},
  author={Delmas, David and Souyris, Jean},
  booktitle={International Static Analysis Symposium},
  pages={437--451},
  year={2007},
  organization={Springer}
}

@inproceedings{souyris2007experimental,
  title={Experimental assessment of Astr{\'e}e on safety-critical avionics software},
  author={Souyris, Jean and Delmas, David},
  booktitle={International Conference on Computer Safety, Reliability, and Security},
  pages={479--490},
  year={2007},
  organization={Springer}
}

@inproceedings{bouissou2009space,
  title={Space software validation using abstract interpretation},
  author={Bouissou, Olivier and Conquet, Eric and Cousot, Patrick and Cousot, Radhia and Feret, J{\'e}r{\^o}me and Ghorbal, Khalil and Goubault, Eric and Lesens, David and Mauborgne, Laurent and Min{\'e}, Antoine and others},
  booktitle={The International Space System Engineering Conference: Data Systems in Aerospace-DASIA 2009},
  volume={1},
  pages={1--7},
  year={2009},
  organization={European Space Agency}
}

@article{ahmadi2018robust,
  title={Robust-to-dynamics optimization},
  author={Ahmadi, Amir Ali and Gunluk, Oktay},
  journal={arXiv preprint arXiv:1805.03682},
  year={2018}
}

@INPROCEEDINGS{6658585,
author={P. S. Duggirala and A. Tiwari},
booktitle={2013 Proceedings of the International Conference on Embedded Software (EMSOFT)},
title={Safety verification for linear systems},
year={2013},
volume={},
number={},
pages={1-10},
doi={10.1109/EMSOFT.2013.6658585},
ISSN={},
month={Sept},}

@INPROCEEDINGS{7403149,
author={A. A. Ahmadi and O. Günlük},
booktitle={2015 54th IEEE Conference on Decision and Control (CDC)},
title={Robust-to-dynamics linear programming},
year={2015},
volume={},
number={},
pages={5915-5919},
doi={10.1109/CDC.2015.7403149},
ISSN={},
month={Dec}
}


@article{mine2017tutorial,
  title={Tutorial on Static Inference of Numeric Invariants by Abstract Interpretation},
  author={Min{\'e}, Antoine and others},
  journal={Foundations and Trends{\textregistered} in Programming Languages},
  volume={4},
  number={3-4},
  pages={120--372},
  year={2017},
  publisher={Now Publishers, Inc.}
}

@inproceedings{adje2015property,
  title={Property-based polynomial invariant generation using sums-of-squares optimization},
  author={Adj{\'e}, Assal{\'e} and Garoche, Pierre-Lo{\"\i}c and Magron, Victor},
  booktitle={International On Static Analysis},
  pages={235--251},
  year={2015},
  organization={Springer}
}

@InProceedings{10.1007/978-3-319-54292-8_2,
author="Adj{\'e}, Assal{\'e}",
editor="Bogomolov, Sergiy
and Martel, Matthieu
and Prabhakar, Pavithra",
title="Proving Properties on PWA Systems Using Copositive and Semidefinite Programming",
booktitle="Numerical Software Verification",
year="2017",
publisher="Springer International Publishing",
address="Cham",
pages="15--30",
isbn="978-3-319-54292-8"
}

@article{roozbehani2013optimization,
  title={Optimization of lyapunov invariants in verification of software systems},
  author={Roozbehani, Mardavij and Megretski, Alexandre and Feron, Eric},
  journal={IEEE Transactions on Automatic Control},
  volume={58},
  number={3},
  pages={696--711},
  year={2013},
  publisher={IEEE}
}

@article{blanchini2009lyapunov,
  title={Lyapunov methods in robustness. An introduction},
  author={Blanchini, Franco},
  journal={Lecture notes in Automatic Control, Bertinoro (Italy)},
  year={2009},
  publisher={Citeseer}
}

@string{POPL = "ACM SIGACT-SIGPLAN Symposium on Principles of Programming Languages (POPL)"}
@inproceedings{acceleration-popl14,
  author = {Bertrand Jeannet and Peter Schrammel and Sriram Sankaranarayanan},
  title = {Abstract Acceleration of General Linear Loops},
  booktitle = POPL,
  year = {2014},
}

@inproceedings{DBLP:conf/icalp/AlmagorCO018,
  author    = {Shaull Almagor and
               Dmitry Chistikov and
               Jo{\"{e}}l Ouaknine and
               James Worrell},
  title     = {O-Minimal Invariants for Linear Loops},
  booktitle = {45th International Colloquium on Automata, Languages, and Programming,
               {ICALP} 2018, July 9-13, 2018, Prague, Czech Republic},
  pages     = {114:1--114:14},
  year      = {2018},
  url       = {https://doi.org/10.4230/LIPIcs.ICALP.2018.114},
  doi       = {10.4230/LIPIcs.ICALP.2018.114},
  timestamp = {Thu, 23 Aug 2018 15:56:41 +0200},
  biburl    = {https://dblp.org/rec/bib/conf/icalp/AlmagorCO018},
  bibsource = {dblp computer science bibliography, https://dblp.org}
}
@inproceedings{cousot2001abstract,
  title={Abstract interpretation based formal methods and future challenges},
  author={Cousot, Patrick},
  booktitle={Informatics},
  pages={138--156},
  year={2001},
  organization={Springer}
}
